@Article{cle,
author = {moi},
title = {mon titre},
journal = {journal},
year = {1982}
}

